% Encoding: UTF-8

% --- articles ---
@article{daniel2007failure,
  title={Failure of composite materials},
  author={Daniel, Isaac M},
  journal={Strain},
  volume={43},
  number={1},
  pages={4--12},
  year={2007},
  publisher={Wiley Online Library},
  doi={10.1111/j.1475-1305.2007.00302.x}
}

@article{daniel2018new,
  title={A new yield and failure theory for composite materials under static and dynamic loading},
  author={Daniel, Isaac M and Daniel, Sam M and Fenner, Joel S},
  journal={International Journal of Solids and Structures},
  volume={148},
  pages={79--93},
  year={2018},
  publisher={Elsevier},
  doi={10.1016/j.ijsolstr.2017.08.036}
}

% --- books ----
@book{calsson2014experimental,
  title={Experimental characterization of advanced composit materials},
  author={Carlsson, Leif A and Adams, Donald A and Pipes, R Byron},
  edition={Fourth},
  year={2014},
  publisher={Taylor \& Francis Group},
  isbn={978-1-4398-4858-6}
}

% --- standards ---
@techreport{D6641standard,
  title={Standard test method for compressive properties of polymer matrix composite materials using a combined loading compression (CLC) test fixture},
  type={Standard},
  key={D6641/D6641M-16E01},
  month=mar,
  year={2016},
  institution={ASTM International},
  doi={10.1520/D6641_D6641M-16E01}
}

% --- business publications ---
@manual{gurit2017guide,
  title={Guide to composites},
  organization={Gurit},
  year={2017},
  url={https://www.gurit.com/}
}

@Comment{jabref-meta: databaseType:bibtex;}
